<?xml version="1.0" encoding="UTF-8"?><collection xmlns="http://www.loc.gov/MARC21/slim"><record><leader>00366nam--2200121-i-4500</leader><controlfield tag="001">000005195</controlfield><controlfield tag="002">20161230</controlfield><controlfield tag="005">20161230201026</controlfield><controlfield tag="008">060222s1000------------r-----000-0-eng-d</controlfield><datafield ind1=" " ind2=" " tag="100"><subfield code="a">Breccia, A. S.A</subfield></datafield><datafield ind1=" " ind2=" " tag="245"><subfield code="a">The incorporation of c 14 from l, c 14 glycine in haen by duck blood in vitro</subfield></datafield><datafield ind1=" " ind2=" " tag="260"><subfield code="a">Milano, Instituto Di Fisica Del Politecnica, 1960 8 P</subfield></datafield><datafield ind1=" " ind2=" " tag="852"><subfield code="a">7191</subfield></datafield></record></collection>